% Encoding: UTF-8

@Article{Salzberg2012,
  author    = {S. L. Salzberg and A. M. Phillippy and A. Zimin and D. Puiu and T. Magoc and S. Koren and T. J. Treangen and M. C. Schatz and A. L. Delcher and M. Roberts and G. Marcais and M. Pop and J. A. Yorke},
  title     = {{GAGE}: A critical evaluation of genome assemblies and assembly algorithms},
  journal   = {Genome Research},
  year      = {2012},
  volume    = {22},
  number    = {3},
  pages     = {557--567},
  month     = {jan},
  doi       = {10.1101/gr.131383.111},
  publisher = {Cold Spring Harbor Laboratory Press},
}

@Article{Bolger2014,
  author    = {A. M. Bolger and M. Lohse and B. Usadel},
  title     = {Trimmomatic: a flexible trimmer for Illumina sequence data},
  journal   = {Bioinformatics},
  year      = {2014},
  volume    = {30},
  number    = {15},
  pages     = {2114--2120},
  month     = {apr},
  doi       = {10.1093/bioinformatics/btu170},
  publisher = {Oxford University Press ({OUP})},
}

@Article{Simpson2009,
  author    = {J. T. Simpson and K. Wong and S. D. Jackman and J. E. Schein and S. J.M. Jones and I. Birol},
  title     = {{ABySS}: A parallel assembler for short read sequence data},
  journal   = {Genome Research},
  year      = {2009},
  volume    = {19},
  number    = {6},
  pages     = {1117--1123},
  month     = {feb},
  doi       = {10.1101/gr.089532.108},
  publisher = {Cold Spring Harbor Laboratory Press},
}

@Article{Li2015,
  author    = {D. Li and C.-M. Liu and R. Luo and K. Sadakane and T.-W. Lam},
  title     = {{MEGAHIT}: an ultra-fast single-node solution for large and complex metagenomics assembly via succinct de Bruijn graph},
  journal   = {Bioinformatics},
  year      = {2015},
  volume    = {31},
  number    = {10},
  pages     = {1674--1676},
  month     = {jan},
  doi       = {10.1093/bioinformatics/btv033},
  publisher = {Oxford University Press ({OUP})},
}

@Article{Paulino2015,
  author    = {Daniel Paulino and Ren{\'{e}} L. Warren and Benjamin P. Vandervalk and Anthony Raymond and Shaun D. Jackman and Inan{\c{c}} Birol},
  title     = {Sealer: a scalable gap-closing application for finishing draft genomes},
  journal   = {{BMC} Bioinformatics},
  year      = {2015},
  volume    = {16},
  number    = {1},
  month     = {jul},
  doi       = {10.1186/s12859-015-0663-4},
  publisher = {Springer Nature},
}

@Article{Walker2014,
  author    = {Bruce J. Walker and Thomas Abeel and Terrance Shea and Margaret Priest and Amr Abouelliel and Sharadha Sakthikumar and Christina A. Cuomo and Qiandong Zeng and Jennifer Wortman and Sarah K. Young and Ashlee M. Earl},
  title     = {Pilon: An Integrated Tool for Comprehensive Microbial Variant Detection and Genome Assembly Improvement},
  journal   = {{PLoS} {ONE}},
  year      = {2014},
  volume    = {9},
  number    = {11},
  pages     = {e112963},
  month     = {nov},
  doi       = {10.1371/journal.pone.0112963},
  editor    = {Junwen Wang},
  publisher = {Public Library of Science ({PLoS})},
}

@Comment{jabref-meta: databaseType:bibtex;}
